<?xml version="1.0" encoding="UTF-8"?><collection xmlns="http://www.loc.gov/MARC21/slim"><record><leader>00402nam--2200169-i-4500</leader><controlfield tag="001">000017008</controlfield><controlfield tag="002">20161230</controlfield><controlfield tag="005">20170106000856</controlfield><controlfield tag="008">060222s1000------------r-----000-0-eng-d</controlfield><datafield ind1=" " ind2=" " tag="020"><subfield code="a">BNFL</subfield></datafield><datafield ind1=" " ind2=" " tag="100"><subfield code="a">Avery, D. G</subfield></datafield><datafield ind1=" " ind2=" " tag="245"><subfield code="a">Optimization Of Diffusion Plant Operation</subfield></datafield><datafield ind1=" " ind2=" " tag="260"><subfield code="a">Warrington</subfield><subfield code="b">Bnfl</subfield><subfield code="c">1968</subfield></datafield><datafield ind1=" " ind2=" " tag="300"><subfield code="a">27 p</subfield></datafield><datafield ind1=" " ind2=" " tag="653"><subfield code="a">11</subfield></datafield><datafield ind1=" " ind2=" " tag="700"><subfield code="a">Steele, G. E</subfield></datafield><datafield ind1=" " ind2=" " tag="CAT"><subfield code="a">SYS</subfield><subfield code="c">20170106</subfield><subfield code="h">000856</subfield></datafield></record></collection>